% "//" before a line is treated as commented out

@article{rabiner1993fundamentals,
  title={Fundamentals of speech recognition},
  author={Rabiner, Lawrence and Juang, Biing-Hwang},
  year={1993},
  publisher={Prentice hall}
}


@inproceedings{graves2006connectionist,
  title={Connectionist temporal classification: labelling unsegmented sequence data with recurrent neural networks},
  author={Graves, Alex and Fern{\'a}ndez, Santiago and Gomez, Faustino and Schmidhuber, J{\"u}rgen},
  booktitle={Proceedings of the 23rd international conference on Machine learning},
  pages={369--376},
  year={2006},
  organization={ACM}
}


@incollection{graves2012neural,
  title={Neural Networks},
  author={Graves, Alex},
  booktitle={Supervised Sequence Labelling with Recurrent Neural Networks},
  pages={15--35},
  year={2012},
  publisher={Springer}
}

@inproceedings{senior2015context,
  title={Context dependent phone models for LSTM RNN acoustic modelling},
  author={Senior, Andrew and Sak, Ha{\c{s}}im and Shafran, Izhak},
  booktitle={2015 IEEE International Conference on Acoustics, Speech and Signal Processing (ICASSP)},
  pages={4585--4589},
  year={2015},
  organization={IEEE}
}

@article{sak2015fast,
  title={Fast and accurate recurrent neural network acoustic models for speech recognition},
  author={Sak, Ha{\c{s}}im and Senior, Andrew and Rao, Kanishka and Beaufays, Fran{\c{c}}oise},
  journal={arXiv preprint arXiv:1507.06947},
  year={2015}
}

@inproceedings{sak2015learning,
  title={Learning acoustic frame labeling for speech recognition with recurrent neural networks},
  author={Sak, Ha{\c{s}}im and Senior, Andrew and Rao, Kanishka and Irsoy, Ozan and Graves, Alex and Beaufays, Fran{\c{c}}oise and Schalkwyk, Johan},
  booktitle={2015 IEEE International Conference on Acoustics, Speech and Signal Processing (ICASSP)},
  pages={4280--4284},
  year={2015},
  organization={IEEE}
}

@article{hinton2012deep,
  title={Deep neural networks for acoustic modeling in speech recognition: The shared views of four research groups},
  author={Hinton, Geoffrey and Deng, Li and Yu, Dong and Dahl, George E and Mohamed, Abdel-rahman and Jaitly, Navdeep and Senior, Andrew and Vanhoucke, Vincent and Nguyen, Patrick and Sainath, Tara N and others},
  journal={IEEE Signal Processing Magazine},
  volume={29},
  number={6},
  pages={82--97},
  year={2012},
  publisher={IEEE}
}


@article{dahl2012context,
  title={Context-dependent pre-trained deep neural networks for large-vocabulary speech recognition},
  author={Dahl, George E and Yu, Dong and Deng, Li and Acero, Alex},
  journal={IEEE Transactions on Audio, Speech, and Language Processing},
  volume={20},
  number={1},
  pages={30--42},
  year={2012},
  publisher={IEEE}
}


@article{hochreiter1997long,
  title={Long short-term memory},
  author={Hochreiter, Sepp and Schmidhuber, J{\"u}rgen},
  journal={Neural computation},
  volume={9},
  number={8},
  pages={1735--1780},
  year={1997},
  publisher={MIT Press}
}

@incollection{graves2012supervised,
  title={Supervised sequence labelling},
  author={Graves, Alex},
  booktitle={Supervised Sequence Labelling with Recurrent Neural Networks},
  pages={5--13},
  year={2012},
  publisher={Springer}
}

@inproceedings{sak2014long,
  title={Long short-term memory recurrent neural network architectures for large scale acoustic modeling.},
  author={Sak, Hasim and Senior, Andrew W and Beaufays, Fran{\c{c}}oise},
  booktitle={INTERSPEECH},
  pages={338--342},
  year={2014}
}

@article{sak2014long_lvsr,
  title={Long short-term memory based recurrent neural network architectures for large vocabulary speech recognition},
  author={Sak, Ha{\c{s}}im and Senior, Andrew and Beaufays, Fran{\c{c}}oise},
  journal={arXiv preprint arXiv:1402.1128},
  year={2014}
}

@article{hannun2014deep,
  title={Deep speech: Scaling up end-to-end speech recognition},
  author={Hannun, Awni and Case, Carl and Casper, Jared and Catanzaro, Bryan and Diamos, Greg and Elsen, Erich and Prenger, Ryan and Satheesh, Sanjeev and Sengupta, Shubho and Coates, Adam and others},
  journal={arXiv preprint arXiv:1412.5567},
  year={2014}
}

@article{amodei2015deep,
  title={Deep speech 2: End-to-end speech recognition in english and mandarin},
  author={Amodei, Dario and Anubhai, Rishita and Battenberg, Eric and Case, Carl and Casper, Jared and Catanzaro, Bryan and Chen, Jingdong and Chrzanowski, Mike and Coates, Adam and Diamos, Greg and others},
  journal={arXiv preprint arXiv:1512.02595},
  year={2015}
}
